%% Journal
% IEEE
@string{TIP={IEEE Transactions on Image Processing (TIP)}}
@string{TMM={IEEE Transactions on Multimedia (TMM)}}
@string{TOR={IEEE Transactions on Robotics (T-RO)}}
@string{TVCG={IEEE Transactions on Visualization and Computer Graphics (TVCG)}}
@string{TPAMI={IEEE Transactions on Pattern Analysis and Machine Intelligence (TPAMI)}}
@string{TCSVT={IEEE Transactions on Circuits and Systems for Video Technology (TCSVT)}}
@string{RAM={IEEE Robotics and Automation Magazine (RAM)}}
@string{RAL={IEEE Robotics and Automation Letters (RA-L)}}
@string{CGA={IEEE Computer Graphics and Applications (CG\&A)}}
@string{IMM={IEEE Multimedia}}
@string{ISJ={IEEE Sensors Journal}}
% ACM
@string{TOG={ACM Transactions on Graphics (TOG)}}
@string{CACM={Communications of the ACM (CACM)}}
% Springer
@string{IJCV={International Journal of Computer Vision (IJCV)}}
@string{JMIV={Journal of Mathematical Imaging and Vision (JMIV)}}
@string{IIS={Intelligent Industrial Systems}}
% Elsevier
@string{PR={Pattern Recognition}}
@string{CVIU={Computer Vision and Image Understanding (CVIU)}}
@string{IVC={Image and Vision Computing}}
% Now
@string{FTR={Foundations and Trends{\textregistered} in Robotics}}
@string{FTCGV={Foundations and Trends{\textregistered} in Computer Graphics and Vision}}
@string{FTHCI={Foundations and Trends{\textregistered} in Human-Computer Interaction}}
% Others
@string{IJRR={International Journal of Robotics Research (IJRR)}}
@string{CAVW={Computer Animation and Virtual Worlds}}
@string{IPOL={Image Processing On Line (IPOL)}}
@string{CGF={Computer Graphics Forum (CGF)}}
@string{PV={Panoramic Vision}}
@string{JGT={Journal of Graphics Tools (JGT)}}
@string{Nature={Nature}}
@string{AN={Acta Numerica}}
@string{JVRB={Journal of Virtual Reality and Broadcasting (JVRB)}}
@string{ISPRSA={The International Archives of the Photogrammetry, Remote Sensing and Spatial Information Sciences (ISPRS Archives)}}

%% Conference
% IEEE
@string{CVPR={Proceedings of IEEE Conference on Computer Vision and Pattern Recognition (CVPR)}}
@string{CVPRW={Proceedings of IEEE Conference on Computer Vision and Pattern Recognition Workshop (CVPRW)}}
@string{ICCV={Proceedings of IEEE International Conference on Computer Vision (ICCV)}}
@string{ACCV={Proceedings of Asian Conference on Computer Vision (ACCV)}}
@string{ISMAR={Proceedings of IEEE International Symposium on Mixed and Augmented Reality (ISMAR)}}
@string{ISMARA={Proceedings of IEEE International Symposium on Mixed and Augmented Reality (ISMAR-Adjunct)}}
@string{ICIP={Proceedings of IEEE International Conference on Image Processing (ICIP)}}
@string{ICRA={Proceedings of IEEE International Conference on Robotics and Automation (ICRA)}}
@string{IROS={Proceedings of IEEE International Conference on Intelligent Robots and Systems (IROS)}}
@string{WACV={Proceedings of IEEE Winter Conference on Applications of Computer Vision (WACV)}}
@string{ISCAS={Proceedings of IEEE International Symposium on Circuits and Systems (ISCAS)}}
@string{ICME={Proceedings of IEEE International Conference on Multimedia and Expo (ICME)}}
@string{MMSP={Proceedings of IEEE International Workshop on Multimedia Signal Processing (MMSP)}}
@string{DUI={Proceedings of IEEE Symposium on 3D User Interfaces (3DUI)}}
@string{DIM={Proceedings of IEEE International Conference on 3-D Digital Imaging and Modeling (3DIM)}}
@string{IWAR={Proceedings of IEEE and ACM International Workshop on Augmented Reality (IWAR)}};
% ACM
@string{UIST={Proceedings of ACM Symposium on User Interface Software and Technology (UIST)}}
@string{CHI={Proceedings of ACM CHI Conference on Human Factors in Computing Systems (CHI)}}
% Springer
@string{ECCV={Proceedings of European Conference on Computer Vision (ECCV)}}
% Others
@string{NIPS={Proceedings of Neural Information Processing Systems (NIPS)}}
@string{BMVC={Proceedings of British Machine Vision Conference (BMVC)}}
@string{RSS={Proceedings of Robotics: Science and Systems (RSS)}}
@string{IJCAI={Proceedings of International Joint Conference on Artificial Intelligence (IJCAI)}}
@string{CVWW={Proceedings of ComputerVisionWinterWorkshop (CVWW)}}

%% Others
@string{arXiv={arXiv}}


%dental overview
@article{rawtiya2014application,
  title={Application of robotics in dentistry},
  author={Rawtiya, Manjusha and Verma, Kavita and Sethi, Priyank and Loomba, Kapil},
  journal={Indian J Dent Adv},
  volume={6},
  number={4},
  pages={1700--1706},
  year={2014}
}

@article{bhat2017robotics,
  title={Robotics in dentistry: Fiction or reality},
  author={Bhat, B Divya and Bhandary, Shruthi and Naik, Rajaram and Shetty, Divya and others},
  journal={Journal of Dental Research and Review},
  volume={4},
  number={3},
  pages={67},
  year={2017},
  publisher={Medknow Publications}
}
@Article{s21103308,
AUTHOR = {Ahmad, Paras and Alam, Mohammad Khursheed and Aldajani, Ali and Alahmari, Abdulmajeed and Alanazi, Amal and Stoddart, Martin and Sghaireen, Mohammed G.},
TITLE = {Dental Robotics: A Disruptive Technology},
JOURNAL = {Sensors},
VOLUME = {21},
YEAR = {2021},
NUMBER = {10},
ARTICLE-NUMBER = {3308},
ISSN = {1424-8220},
DOI = {10.3390/s21103308}
}

%implant overview
@article{wu2019robotics,
  title={Robotics in dental implantology},
  author={Wu, Yiqun and Wang, Feng and Fan, Shengchi and Chow, James Kwok-Fai},
  journal={Oral and Maxillofacial Surgery Clinics},
  volume={31},
  number={3},
  pages={513--518},
  year={2019},
  publisher={Elsevier}
}
@article{haidar2017autonomous,
  title={Autonomous Robotics: A fresh Era of Implant Dentistryâ€¦ is a reality!},
  author={Haidar, Ziyad},
  journal={Journal of Oral Research},
  volume={6},
  number={9},
  pages={230--231},
  year={2017}
}
%using robot arm in implantory
@article{RAO20179327,
title = {Robotics in Dental Implantation},
journal = {Materials Today: Proceedings},
volume = {4},
number = {8},
pages = {9327-9332},
year = {2017},
note = {International Conference on Advancements in Aeromechanical Materials for Manufacturing (ICAAMM-2016): Organized by MLR Institute of Technology, Hyderabad, Telangana, India},
issn = {2214-7853},
doi = {https://doi.org/10.1016/j.matpr.2017.07.292},
url = {https://www.sciencedirect.com/science/article/pii/S2214785317315900},
author = {Y.V.D Rao and Alivelu M Parimi and D.S.P Rahul and Dikshant Patel and Y.V {Nitin Mythreya}},
keywords = {Autonomous dental drill, Multi-degree freedom robotic arm},
}
%TCP
@article{yang2017four,
  title={A four-point measurement model for evaluating the pose of industrial robot and its influence factor analysis},
  author={Yang, Chuangui and Wang, Junwen and Mi, Liang and Liu, Xingbao and Xia, Yangqiu and Li, Yilei and Ma, Shaoxing and Teng, Qiang},
  journal={Industrial Robot: An International Journal},
  year={2017},
  publisher={Emerald Publishing Limited}
}

%NCTU
@inproceedings{dong2006wip,
  title={WIP: a study on the development of endodontic micro robot},
  author={Dong, Janet and Hong, Shane and Hesselgren, Gannar},
  booktitle={Proceedings of the 2006 IJME-INTERTECH Conference},
  year={2006},
  organization={Citeseer}
}
@inproceedings{dong2010design,
  title={Design of Z Axis Actuator and Quick Tool Change Assembly for an Endodontic Micro Robot},
  author={Dong, Janet and Hong, Shane Y},
  booktitle={ASME International Mechanical Engineering Congress and Exposition},
  volume={44472},
  pages={507--511},
  year={2010}
}
@phdthesis{everett2014feasibility,
  title={Feasibility study of single-axis microrobot for endodontic treatment},
  author={Everett, Hunter},
  year={2014},
  school={University of Cincinnati. College of Engineering and Applied Science}
}
%two main causes    
@article{SATTAPAN2000161,
title = {Defects in Rotary Nickel-Titanium Files After Clinical Use},
journal = {Journal of Endodontics},
volume = {26},
number = {3},
pages = {161-165},
year = {2000},
issn = {0099-2399},
doi = {https://doi.org/10.1097/00004770-200003000-00008},
author = {Boonrat Sattapan and Garry J. Nervo and Joseph E.A. Palamara and Harold H. Messer},
}
%not use
@INPROCEEDINGS{7806263,  
author={Yeotikar, Suyash and Parimi, Alivelu M. and Daseswar Rao, Y. V.},  booktitle={2016 IEEE Distributed Computing, VLSI, Electrical Circuits and Robotics (DISCOVER)},   title={Automation of end effector guidance of robotic arm for dental implantation using computer vision},   year={2016},  volume={},  number={},  pages={84-89},  doi={10.1109/DISCOVER.2016.7806263}}
@INPROCEEDINGS{7392422,  
author={Yu, Koyo and Ohnishi, Kouhei and Kawana, Hiromasa and Usuda, Shin},  booktitle={IECON 2015 - 41st Annual Conference of the IEEE Industrial Electronics Society},   title={Modulated potential field using 5 DoF implant assist robot for position and angle adjustment},   year={2015},  volume={},  number={},  pages={002166-002171},  doi={10.1109/IECON.2015.7392422}}


%6DOF USA 
@INPROCEEDINGS{9026216,
  author={Iijima, Taiga and Matsunaga, Takuya and Shimono, Tomoyuki and Ohnishi, Kouhei and Usuda, Shin and Kawana, Hiromasa},
  booktitle={2020 IEEE/SICE International Symposium on System Integration (SII)}, 
  title={Development of a Multi DOF Haptic Robot for Dentistry and Oral Surgery}, 
  year={2020},
  volume={},
  number={},
  pages={52-57},
  doi={10.1109/SII46433.2020.9026216}}
%Hongkong dental robot
@article{Li2019ACD,
  title={A Compact Dental Robotic System Using Soft Bracing Technique},
  author={J. Li and Z. Shen and W. Xu and W. Y. Lam and R. T. C. Hsung and E. H. Pow and K. Kosuge and Zheng Wang},
  journal={IEEE Robotics and Automation Letters},
  year={2019},
  volume={4},
  pages={1271-1278}
}
%Korea dental robot
@article{Kim2009ASO,
  title={A study on simulator of human-robot cooperative manipulator for dental implant surgery},
  author={G. Kim and Hojin Seo and Sungbeen Im and Dongwan Kang and Sanghwa Jeong},
  journal={2009 IEEE International Symposium on Industrial Electronics},
  year={2009},
  pages={2159-2164}
}
%gravity compensation
@INPROCEEDINGS{8997006,
  author={P. {Zou} and Q. {Zhu} and J. {Wu} and J. {Jin}},
  booktitle={2019 Chinese Automation Congress (CAC)}, 
  title={An Approach for Peg-in-Hole Assembling Based on Force Feedback Control}, 
  year={2019},
  volume={},
  number={},
  pages={3269-3273},
  doi={10.1109/CAC48633.2019.8997006}
}
% peg in hole
@INPROCEEDINGS{7743375,  
author={T. {Tang} and H. {Lin} and  {Yu Zhao} and  {Wenjie Chen} and M. {Tomizuka}},  booktitle={2016 IEEE International Conference on Automation Science and Engineering (CASE)},   title={Autonomous alignment of peg and hole by force/torque measurement for robotic assembly},   year={2016},  volume={},  number={},  pages={162-167},  doi={10.1109/COASE.2016.7743375}
}
%canal diameter 
@article{wu2002does,
  title={Does the first file to bind correspond to the diameter of the canal in the apical region?},
  author={Wu, M-K and Barkis, D and Roris, A and Wesselink, PR},
  journal={International Endodontic Journal},
  volume={35},
  number={3},
  pages={264--267},
  year={2002},
  publisher={Wiley Online Library}
}
%Yomi
@article{bolding2021accuracy,
  title={Accuracy of haptic robotic guidance of dental implant surgery for completely edentulous arches},
  author={Bolding, Scotty L and Reebye, Uday N},
  journal={The Journal of prosthetic dentistry},
  year={2021},
  publisher={Elsevier}
}
@article{BOLDING2021,
title = {Accuracy of haptic robotic guidance of dental implant surgery for completely edentulous arches},
journal = {The Journal of Prosthetic Dentistry},
year = {2021},
issn = {0022-3913},
doi = {https://doi.org/10.1016/j.prosdent.2020.12.048},
author = {Scotty L. Bolding and Uday N. Reebye},
}
@misc{intraoral_splint,
 Title = {Implant Surgery With Robotic Guidance â€“ Digital Workflows For Patient Care},
 year = {2019},
 note={\url{https://www.oralhealthgroup.com/features/implant-surgery-with-robotic-guidance-digital-workflows-for-patient-care/}}
 }


% maximum mouth opening
@article{agrawal2015evaluation,
  title={Evaluation of normal range of mouth opening using three finger index: South India perspective study},
  author={Agrawal, Jayshree and Shenai, Prashanth K and Chatra, Laxmikanth and Kumar, Pavan Y and others},
  journal={Indian Journal of Dental Research},
  volume={26},
  number={4},
  pages={361},
  year={2015},
  publisher={Medknow Publications}
}
% file torque
@article{boessler2009effect,
  title={The effect of electropolishing on torque and force during simulated root canal preparation with ProTaper shaping files},
  author={Boessler, Claudia and Paque, Frank and Peters, Ove A},
  journal={Journal of Endodontics},
  volume={35},
  number={1},
  pages={102--106},
  year={2009},
  publisher={Elsevier}
}
%apical crown technique
@article{tortini2007apical,
  title={Apical crown technique to model canal roots. A review of the literature.},
  author={Tortini, D and Colombo, M and Gagliani, M},
  journal={Minerva stomatologica},
  volume={56},
  number={9},
  pages={445--459},
  year={2007}
}
% Torque control
@article{furness1999torque,
  title={Torque control for a form tool drilling operation},
  author={Furness, Richard J and Tsao, Tsu-Chin and Rankin, JS and Muth, Michael J and Manes, Kenneth W},
  journal={IEEE Transactions on Control Systems Technology},
  volume={7},
  number={1},
  pages={22--30},
  year={1999},
  publisher={IEEE}
}

%the Ministry of Helth and Welfare
@misc{web1,
 Title = {The Ministry of Health and Welfare},
 year = {2018},
 note={\url{https://dep.mohw.gov.tw/dos/cp-1735-3245-113.html}}
 }
%the Acadamy of Endodontology
@misc{web2,
 Title = {The Acadamy of Endodontology},
 year = {2021},
 note={\url{http://www.aeroc.org.tw/about/}}
 }
%Yomi web
@misc{web3,
 Title = {YOMI, Neocis},
 year = {2017},
 note={\url{https://www.neocis.com/}}
 }
% Meca500
@misc{web4,
 Title = {Meca500, Mecademic},
 year = {2021},
 note={\url{https://www.mecademic.com/}}
 }
% Mini40
@misc{web5,
 Title = {Mini40, ATI Industrial Automation, Inc.},
 year = {2021},
 note={\url{https://www.ati-ia.com/index.aspx}}
 }
%EhterCAT
@misc{web6,
 Title = {EtherCAT, Beckhoff Automation},
 year = {2021},
 note={\url{https://www.beckhoff.com/zh-tw/}}
 }
% endodontic therapy step
 @misc{web7,
 Title = {Root canal procedure, Tower Endodontics},
 year = {2020},
 note={\url{ https://www.towerendodontics.com/find-out-more-about-our-services/introduction/}}
 }

%Root canal procedure
 @misc{web7,
 Title = {Root canal procedure, Tower Endodontics},
 year = {2020},
 note={\url{ https://www.towerendodontics.com/find-out-more-about-our-services/introduction/}}
 }
% phasespace
@misc{web8,
 Title = {Motion capture system - Impulse X2E, PhaseSpace},
 year = {2021},
 note={\url{https://www.phasespace.com/}}
 }

%Coordinate transformation of F/T sensor




