%% Journal
% IEEE
@string{TIP={IEEE Transactions on Image Processing (TIP)}}
@string{TMM={IEEE Transactions on Multimedia (TMM)}}
@string{TOR={IEEE Transactions on Robotics (T-RO)}}
@string{TVCG={IEEE Transactions on Visualization and Computer Graphics (TVCG)}}
@string{TPAMI={IEEE Transactions on Pattern Analysis and Machine Intelligence (TPAMI)}}
@string{TCSVT={IEEE Transactions on Circuits and Systems for Video Technology (TCSVT)}}
@string{RAM={IEEE Robotics and Automation Magazine (RAM)}}
@string{RAL={IEEE Robotics and Automation Letters (RA-L)}}
@string{CGA={IEEE Computer Graphics and Applications (CG\&A)}}
@string{IMM={IEEE Multimedia}}
@string{ISJ={IEEE Sensors Journal}}
% ACM
@string{TOG={ACM Transactions on Graphics (TOG)}}
@string{CACM={Communications of the ACM (CACM)}}
% Springer
@string{IJCV={International Journal of Computer Vision (IJCV)}}
@string{JMIV={Journal of Mathematical Imaging and Vision (JMIV)}}
@string{IIS={Intelligent Industrial Systems}}
% Elsevier
@string{PR={Pattern Recognition}}
@string{CVIU={Computer Vision and Image Understanding (CVIU)}}
@string{IVC={Image and Vision Computing}}
% Now
@string{FTR={Foundations and Trends{\textregistered} in Robotics}}
@string{FTCGV={Foundations and Trends{\textregistered} in Computer Graphics and Vision}}
@string{FTHCI={Foundations and Trends{\textregistered} in Human-Computer Interaction}}
% Others
@string{IJRR={International Journal of Robotics Research (IJRR)}}
@string{CAVW={Computer Animation and Virtual Worlds}}
@string{IPOL={Image Processing On Line (IPOL)}}
@string{CGF={Computer Graphics Forum (CGF)}}
@string{PV={Panoramic Vision}}
@string{JGT={Journal of Graphics Tools (JGT)}}
@string{Nature={Nature}}
@string{AN={Acta Numerica}}
@string{JVRB={Journal of Virtual Reality and Broadcasting (JVRB)}}
@string{ISPRSA={The International Archives of the Photogrammetry, Remote Sensing and Spatial Information Sciences (ISPRS Archives)}}

%% Conference
% IEEE
@string{CVPR={Proceedings of IEEE Conference on Computer Vision and Pattern Recognition (CVPR)}}
@string{CVPRW={Proceedings of IEEE Conference on Computer Vision and Pattern Recognition Workshop (CVPRW)}}
@string{ICCV={Proceedings of IEEE International Conference on Computer Vision (ICCV)}}
@string{ACCV={Proceedings of Asian Conference on Computer Vision (ACCV)}}
@string{ISMAR={Proceedings of IEEE International Symposium on Mixed and Augmented Reality (ISMAR)}}
@string{ISMARA={Proceedings of IEEE International Symposium on Mixed and Augmented Reality (ISMAR-Adjunct)}}
@string{ICIP={Proceedings of IEEE International Conference on Image Processing (ICIP)}}
@string{ICRA={Proceedings of IEEE International Conference on Robotics and Automation (ICRA)}}
@string{IROS={Proceedings of IEEE International Conference on Intelligent Robots and Systems (IROS)}}
@string{WACV={Proceedings of IEEE Winter Conference on Applications of Computer Vision (WACV)}}
@string{ISCAS={Proceedings of IEEE International Symposium on Circuits and Systems (ISCAS)}}
@string{ICME={Proceedings of IEEE International Conference on Multimedia and Expo (ICME)}}
@string{MMSP={Proceedings of IEEE International Workshop on Multimedia Signal Processing (MMSP)}}
@string{DUI={Proceedings of IEEE Symposium on 3D User Interfaces (3DUI)}}
@string{DIM={Proceedings of IEEE International Conference on 3-D Digital Imaging and Modeling (3DIM)}}
@string{IWAR={Proceedings of IEEE and ACM International Workshop on Augmented Reality (IWAR)}};
% ACM
@string{UIST={Proceedings of ACM Symposium on User Interface Software and Technology (UIST)}}
@string{CHI={Proceedings of ACM CHI Conference on Human Factors in Computing Systems (CHI)}}
% Springer
@string{ECCV={Proceedings of European Conference on Computer Vision (ECCV)}}
% Others
@string{NIPS={Proceedings of Neural Information Processing Systems (NIPS)}}
@string{BMVC={Proceedings of British Machine Vision Conference (BMVC)}}
@string{RSS={Proceedings of Robotics: Science and Systems (RSS)}}
@string{IJCAI={Proceedings of International Joint Conference on Artificial Intelligence (IJCAI)}}
@string{CVWW={Proceedings of ComputerVisionWinterWorkshop (CVWW)}}

%% Others
@string{arXiv={arXiv}}

%TCP
@article{yang2017four,
  title={A four-point measurement model for evaluating the pose of industrial robot and its influence factor analysis},
  author={Yang, Chuangui and Wang, Junwen and Mi, Liang and Liu, Xingbao and Xia, Yangqiu and Li, Yilei and Ma, Shaoxing and Teng, Qiang},
  journal={Industrial Robot: An International Journal},
  year={2017},
  publisher={Emerald Publishing Limited}
}
%.NCTU
@inproceedings{Dong2007WIPAS,
  title={WIP: A Study on the Development of Endodontic Micro Robot},
  author={J. Dong and S. Hong and Gannar Hesselgren},
  year={2007}
}
%two main causes    
@article{SATTAPAN2000161,
title = {Defects in Rotary Nickel-Titanium Files After Clinical Use},
journal = {Journal of Endodontics},
volume = {26},
number = {3},
pages = {161-165},
year = {2000},
issn = {0099-2399},
doi = {https://doi.org/10.1097/00004770-200003000-00008},
url = {https://www.sciencedirect.com/science/article/pii/S0099239905609478},
author = {Boonrat Sattapan and Garry J. Nervo and Joseph E.A. Palamara and Harold H. Messer},
abstract = {The purpose of this study was to analyze the type and frequency of defects in nickel-titanium rotary endodontic files after routine clinical use, and to draw conclusions regarding the reasons for failure. All of the files (total: 378, Quantec Series 2000) discarded after normal use from a specialist endodontic practice over 6 months were analyzed. Almost 50% of the files showed some visible defect; 21% were fractured and 28% showed other defects without fracture. Fractured files could be divided into two groups according to the characteristics of the defects observed. Torsional fracture occurred in 55.7% of all fractured files, whereas flexural fatigue occurred in 44.3%. The results indicated that torsional failure, which may be caused by using too much apical force during instrumentation, occurred more frequently than flexural fatigue, which may result from use in curved canals.}
}
%6DOF USA 
@INPROCEEDINGS{9026216,  author={T. {Iijima} and T. {Matsunaga} and T. {Shimono} and K. {Ohnishi} and S. {Usuda} and H. {Kawana}},  booktitle={2020 IEEE/SICE International Symposium on System Integration (SII)},   title={Development of a Multi DOF Haptic Robot for Dentistry and Oral Surgery},   year={2020},  volume={},  number={},  pages={52-57},  doi={10.1109/SII46433.2020.9026216}}
%Hongkong dental robot
@article{Li2019ACD,
  title={A Compact Dental Robotic System Using Soft Bracing Technique},
  author={J. Li and Z. Shen and W. Xu and W. Y. Lam and R. T. C. Hsung and E. H. Pow and K. Kosuge and Zheng Wang},
  journal={IEEE Robotics and Automation Letters},
  year={2019},
  volume={4},
  pages={1271-1278}
}
%Korea dental robot
@article{Kim2009ASO,
  title={A study on simulator of human-robot cooperative manipulator for dental implant surgery},
  author={G. Kim and Hojin Seo and Sungbeen Im and Dongwan Kang and Sanghwa Jeong},
  journal={2009 IEEE International Symposium on Industrial Electronics},
  year={2009},
  pages={2159-2164}
}
%peg in hole
@INPROCEEDINGS{8997006,
  author={P. {Zou} and Q. {Zhu} and J. {Wu} and J. {Jin}},
  booktitle={2019 Chinese Automation Congress (CAC)}, 
  title={An Approach for Peg-in-Hole Assembling Based on Force Feedback Control}, 
  year={2019},
  volume={},
  number={},
  pages={3269-3273},
  doi={10.1109/CAC48633.2019.8997006}
}